<record><leader>00000cas a2200000 a 4500</leader><controlfield tag="001">10315714</controlfield><controlfield tag="008">840119d18201829mauwr ne      0    0eng c</controlfield><datafield ind1=" " ind2=" " tag="010"><subfield code="a">sn 85047622 </subfield></datafield><datafield ind1=" " ind2=" " tag="040"><subfield code="a">IUL</subfield><subfield code="b">eng</subfield><subfield code="c">IUL</subfield><subfield code="d">NYG</subfield><subfield code="d">NPI</subfield><subfield code="d">NPA</subfield><subfield code="d">NJW</subfield><subfield code="d">YOX</subfield><subfield code="d">KNP</subfield><subfield code="d">YOX</subfield><subfield code="d">NVH</subfield><subfield code="d">KNP</subfield><subfield code="d">YOX</subfield><subfield code="d">MGN</subfield><subfield code="d">CNK</subfield><subfield code="d">NVK</subfield><subfield code="d">CVF</subfield><subfield code="d">OCL</subfield><subfield code="d">NYS</subfield><subfield code="d">GUA</subfield><subfield code="d">KRTAS</subfield><subfield code="d">OCLCQ</subfield><subfield code="d">OCLCF</subfield><subfield code="d">OCLCO</subfield></datafield><datafield ind1="1" ind2=" " tag="029"><subfield code="a">AU@</subfield><subfield code="b">000020126322</subfield></datafield><datafield ind1=" " ind2=" " tag="042"><subfield code="a">pcc</subfield></datafield><datafield ind1=" " ind2=" " tag="043"><subfield code="a">n-us-ma</subfield></datafield><datafield ind1="0" ind2=" " tag="130"><subfield code="a">New-England galaxy (Boston, Mass.)</subfield></datafield><datafield ind1="1" ind2="0" tag="245"><subfield code="a">New-England galaxy.</subfield></datafield><datafield ind1="3" ind2="0" tag="246"><subfield code="a">New England galaxy and Boston mercury</subfield></datafield><datafield ind1=" " ind2=" " tag="260"><subfield code="a">Boston, Mass. :</subfield><subfield code="b">Joseph T. Buckingham,</subfield><subfield code="c">1820-1829.</subfield></datafield><datafield ind1=" " ind2=" " tag="300"><subfield code="a">v. ;</subfield><subfield code="c">51 cm.</subfield></datafield><datafield ind1=" " ind2=" " tag="310"><subfield code="a">Weekly</subfield></datafield><datafield ind1="0" ind2=" " tag="362"><subfield code="a">Vol. 4, no. 157 (Oct. 13, 1820)-v. 12, no. 620 (Aug. 28, 1829).</subfield></datafield><datafield ind1=" " ind2=" " tag="500"><subfield code="a">"The Liberty of the Press and the Liberties of the People Must Stand or Fall Together--Hume."</subfield></datafield><datafield ind1=" " ind2=" " tag="530"><subfield code="a">Also issued in microform from Readex and University Microfilms (American Periodicals 1800-1850); also available online.</subfield></datafield><datafield ind1="2" ind2="0" tag="610"><subfield code="a">Freemasons</subfield><subfield code="v">Newspapers.</subfield></datafield><datafield ind1=" " ind2="0" tag="651"><subfield code="a">Boston (Mass.)</subfield><subfield code="v">Newspapers.</subfield></datafield><datafield ind1=" " ind2="0" tag="651"><subfield code="a">Suffolk County (Mass.)</subfield><subfield code="v">Newspapers.</subfield></datafield><datafield ind1=" " ind2="7" tag="655"><subfield code="a">Newspapers.</subfield><subfield code="2">fast</subfield><subfield code="0">(OCoLC)fst01423814</subfield></datafield><datafield ind1="2" ind2="7" tag="610"><subfield code="a">Freemasons.</subfield><subfield code="2">fast</subfield><subfield code="0">(OCoLC)fst00533636</subfield></datafield><datafield ind1=" " ind2="7" tag="651"><subfield code="a">Massachusetts</subfield><subfield code="z">Boston.</subfield><subfield code="2">fast</subfield><subfield code="0">(OCoLC)fst01205012</subfield></datafield><datafield ind1=" " ind2="7" tag="651"><subfield code="a">Massachusetts</subfield><subfield code="z">Suffolk County.</subfield><subfield code="2">fast</subfield><subfield code="0">(OCoLC)fst01206189</subfield></datafield><datafield ind1=" " ind2=" " tag="752"><subfield code="a">United States</subfield><subfield code="b">Massachusetts</subfield><subfield code="c">Suffolk</subfield><subfield code="d">Boston.</subfield></datafield><datafield ind1="1" ind2=" " tag="776"><subfield code="c">Microfilm</subfield><subfield code="d">University Microfilms, Ann Arbor, Mich.</subfield><subfield code="k">American Periodicals 1817-1820</subfield><subfield code="w">(OCoLC)10078000</subfield></datafield><datafield ind1="1" ind2=" " tag="776"><subfield code="t">New-England galaxy (Boston, Mass. : Online)</subfield><subfield code="w">(DLC)  2008233542</subfield><subfield code="w">(OCoLC)52122128</subfield></datafield><datafield ind1="0" ind2="0" tag="780"><subfield code="t">New-England galaxy &amp; Masonic magazine</subfield><subfield code="w">(DLC)sn 85047621</subfield><subfield code="w">(OCoLC)11283610</subfield></datafield><datafield ind1="0" ind2="0" tag="785"><subfield code="t">New-England galaxy and Boston mercury</subfield><subfield code="w">(DLC)sn 91063861</subfield><subfield code="w">(OCoLC)24780447</subfield></datafield><datafield ind1="4" ind2="1" tag="856"><subfield code="u">http://proquest.umi.com/pqdweb</subfield></datafield><datafield ind1=" " ind2=" " tag="938"><subfield code="a">Kirtas Technologies, Inc.</subfield><subfield code="b">KRTS</subfield><subfield code="n">738059</subfield></datafield></record>